<?xml version="1.0" encoding="UTF-8"?><collection xmlns="http://www.loc.gov/MARC21/slim"><record><leader>00400nam--2200157-i-4500</leader><controlfield tag="001">000049814</controlfield><controlfield tag="002">20161230</controlfield><controlfield tag="005">20161230201047</controlfield><controlfield tag="008">060222s1000------------r-----000-0-eng-d</controlfield><datafield ind1=" " ind2=" " tag="040"><subfield code="a">IFIN-HH</subfield></datafield><datafield ind1=" " ind2=" " tag="080"><subfield code="a">519.65</subfield></datafield><datafield ind1=" " ind2=" " tag="100"><subfield code="a">Arsenin,V.Ia I Tihonov,A.N</subfield></datafield><datafield ind1=" " ind2=" " tag="245"><subfield code="a">Metody resheniia nekorrekthyh</subfield></datafield><datafield ind1=" " ind2=" " tag="260"><subfield code="a">MOSKVA, IZD.NAUKA, 1974. 224 p</subfield></datafield><datafield ind1=" " ind2=" " tag="852"><subfield code="a">75264</subfield><subfield code="c">518.12</subfield></datafield><datafield ind1=" " ind2=" " tag="CAT"><subfield code="a">Sys</subfield><subfield code="c">20090703</subfield><subfield code="h">084342</subfield></datafield></record></collection>